@misc{mahoney2011large,
  title={Large text compression benchmark},
  author={Mahoney, Matt},
  year={2011}
}

@article{bell1989modeling,
	title={Modeling for text compression},
	author={Bell, Timothy and Witten, Ian H and Cleary, John G},
	journal={ACM Computing Surveys (CSUR)},
	volume={21},
	number={4},
	pages={557--591},
	year={1989},
	publisher={ACM}
}

@misc{imagecompressionbenchmark,
	title={The New Test Images},
	howpublished={\url{http://imagecompression.info/test\_images/}},
	year={2008},
	author={Rawzor},
	note={Accessed 26.12.2017}
}